@preamble{"\ProvideDocumentCommand{\test}{ o m }{#2\IfValueT{#1}{, #1}}"}

@index{theduck,
  name={\test[the]{duck}}
}

@index{dog,
  name={\test{dog}}
}
@index{frog}
@index{toad}
@index{termite}
@index{vampire}
