@article{Smith2005,
  author = {A. Smith},
  title = {An example reference},
  year = 2005,
  journal = {Sample Journal},
  volume = 1
}
